@ONLINE{gVirtualXRay,
author = {Franck P. Vidal},
title = {Virtual X-Ray Imaging Library on GPU. http://gvirtualxray.sourceforge.net/},
month = Oct,
year = {2018},
}


@ONLINE{xraydose,
author = {Mike Hanley},
title = { Radiation Risk Calculator. http://www.xrayrisk.com/},
month = Oct,
year = {2018},
}


